@ARTICLE{G-J-S-NPC,
   AUTHOR={M. {Garey} and D. {Johnson} and L. {Stockmeyer}},
   TITLE={Some simplified {NP}-complete graph problems},
   JOURNAL={Theoretical Computer Science},
   VOLUME={1},
   NUMBER={3},
   PAGES={237--267},
   YEAR={1976}
}

@LICTHESIS{Uriel-tesis,
      AUTHOR    = {Uriel Nicol{\'a}s Crack},
      TITLE     = {Demostraci\'on de {P $\neq$ NP}},
      SCHOOL    = {Departamento de Computaci{\'o}n, FCEyN, Universidad de Buenos Aires},
      ADDRESS   = {Buenos Aires},
      YEAR      = {2022},
      LANGUAGE  = {Spanish}
}